{
  "leader": "01987cam a2200493 i 4500",
  "fields": [
    {
      "001": "ocm04504246\\"
    },
    {
      "003": "OCoLC"
    },
    {
      "005": "20220708105611.0"
    },
    {
      "008": "781018s1979\\\\\\\\nyuaf\\\\\\\\b\\\\\\\\001\\0\\eng\\\\"
    },
    {
      "010": {
        "ind1": "\\",
        "ind2": "\\",
        "subfields": [
          {
            "a": "   78024048 "
          }
        ]
      }
    },
    {
      "040": {
        "ind1": "\\",
        "ind2": "\\",
        "subfields": [
          {
            "a": "DLC"
          },
          {
            "b": "eng"
          },
          {
            "c": "DLC"
          },
          {
            "d": "MUQ"
          },
          {
            "d": "BAKER"
          },
          {
            "d": "NLGGC"
          },
          {
            "d": "YDXCP"
          },
          {
            "d": "AU@"
          },
          {
            "d": "UKV3G"
          },
          {
            "d": "GBVCP"
          },
          {
            "d": "OCLCF"
          },
          {
            "d": "DEBSZ"
          },
          {
            "d": "OCLCQ"
          },
          {
            "d": "CNUTO"
          },
          {
            "d": "NLC"
          },
          {
            "d": "OCLCQ"
          },
          {
            "d": "OCLCA"
          },
          {
            "d": "EUM"
          },
          {
            "d": "OCLCQ"
          },
          {
            "d": "UKMGB"
          },
          {
            "d": "WURST"
          },
          {
            "d": "OCLCQ"
          },
          {
            "d": "OCLCO"
          },
          {
            "d": "VNN"
          },
          {
            "d": "OCLCO"
          }
        ]
      }
    },
    {
      "016": {
        "ind1": "\\",
        "ind2": "\\",
        "subfields": [
          {
            "a": "(AMICUS)000000161382"
          }
        ]
      }
    },
    {
      "016": {
        "ind1": "7",
        "ind2": "\\",
        "subfields": [
          {
            "a": "009396861"
          },
          {
            "2": "Uk"
          }
        ]
      }
    },
    {
      "016": {
        "ind1": "7",
        "ind2": "\\",
        "subfields": [
          {
            "a": "030-64012"
          },
          {
            "2": "Uk"
          }
        ]
      }
    },
    {
      "019": {
        "ind1": "\\",
        "ind2": "\\",
        "subfields": [
          {
            "a": "59802627"
          },
          {
            "a": "963672014"
          },
          {
            "a": "1065266397"
          }
        ]
      }
    },
    {
      "020": {
        "ind1": "\\",
        "ind2": "\\",
        "subfields": [
          {
            "a": "0306401290"
          }
        ]
      }
    },
    {
      "020": {
        "ind1": "\\",
        "ind2": "\\",
        "subfields": [
          {
            "a": "9780306401299"
          }
        ]
      }
    },
    {
      "035": {
        "ind1": "\\",
        "ind2": "\\",
        "subfields": [
          {
            "a": "(OCoLC)4504246"
          },
          {
            "z": "(OCoLC)59802627"
          },
          {
            "z": "(OCoLC)963672014"
          },
          {
            "z": "(OCoLC)1065266397"
          }
        ]
      }
    },
    {
      "043": {
        "ind1": "\\",
        "ind2": "\\",
        "subfields": [
          {
            "a": "n-us---"
          }
        ]
      }
    },
    {
      "050": {
        "ind1": "0",
        "ind2": "0",
        "subfields": [
          {
            "a": "HV97.F62"
          },
          {
            "b": "M33"
          }
        ]
      }
    },
    {
      "055": {
        "ind1": "\\",
        "ind2": "1",
        "subfields": [
          {
            "a": "HV97.F62M33"
          }
        ]
      }
    },
    {
      "060": {
        "ind1": "\\",
        "ind2": "4",
        "subfields": [
          {
            "a": "AS 36.F6 M189f 1979"
          }
        ]
      }
    },
    {
      "082": {
        "ind1": "0",
        "ind2": "0",
        "subfields": [
          {
            "a": "361.760973"
          },
          {
            "b": "MAG"
          }
        ]
      }
    },
    {
      "088": {
        "ind1": "\\",
        "ind2": "\\",
        "subfields": [
          {
            "a": "78024048"
          }
        ]
      }
    },
    {
      "100": {
        "ind1": "1",
        "ind2": "\\",
        "subfields": [
          {
            "a": "Magat, Richard."
          }
        ]
      }
    },
    {
      "245": {
        "ind1": "1",
        "ind2": "4",
        "subfields": [
          {
            "a": "The Ford Foundation at work :"
          },
          {
            "b": "philanthropic choices, methods, and styles /"
          },
          {
            "c": "Richard Magat."
          }
        ]
      }
    },
    {
      "260": {
        "ind1": "\\",
        "ind2": "\\",
        "subfields": [
          {
            "a": "New York :"
          },
          {
            "b": "Plenum Press,"
          },
          {
            "c": "\u00a91979."
          }
        ]
      }
    },
    {
      "300": {
        "ind1": "\\",
        "ind2": "\\",
        "subfields": [
          {
            "a": "207 pages, 8 unnumbered leaves of plates :"
          },
          {
            "b": "illustrations ;"
          },
          {
            "c": "24 cm"
          }
        ]
      }
    },
    {
      "336": {
        "ind1": "\\",
        "ind2": "\\",
        "subfields": [
          {
            "a": "text"
          },
          {
            "b": "txt"
          },
          {
            "2": "rdacontent"
          }
        ]
      }
    },
    {
      "337": {
        "ind1": "\\",
        "ind2": "\\",
        "subfields": [
          {
            "a": "unmediated"
          },
          {
            "b": "n"
          },
          {
            "2": "rdamedia"
          }
        ]
      }
    },
    {
      "338": {
        "ind1": "\\",
        "ind2": "\\",
        "subfields": [
          {
            "a": "volume"
          },
          {
            "b": "nc"
          },
          {
            "2": "rdacarrier"
          }
        ]
      }
    },
    {
      "504": {
        "ind1": "\\",
        "ind2": "\\",
        "subfields": [
          {
            "a": "Includes bibliographical references and index."
          }
        ]
      }
    },
    {
      "540": {
        "ind1": "\\",
        "ind2": "\\",
        "subfields": [
          {
            "a": "British Library not licensed to copy"
          },
          {
            "c": "0."
          },
          {
            "5": "Uk"
          }
        ]
      }
    },
    {
      "610": {
        "ind1": "2",
        "ind2": "0",
        "subfields": [
          {
            "a": "Ford Foundation."
          }
        ]
      }
    },
    {
      "650": {
        "ind1": "\\",
        "ind2": "0",
        "subfields": [
          {
            "a": "Endowments."
          }
        ]
      }
    },
    {
      "650": {
        "ind1": "\\",
        "ind2": "2",
        "subfields": [
          {
            "a": "Foundations"
          }
        ]
      }
    },
    {
      "610": {
        "ind1": "2",
        "ind2": "7",
        "subfields": [
          {
            "a": "Ford Foundation."
          },
          {
            "2": "fast"
          },
          {
            "0": "(OCoLC)fst00533904"
          }
        ]
      }
    },
    {
      "776": {
        "ind1": "0",
        "ind2": "8",
        "subfields": [
          {
            "i": "Online version:"
          },
          {
            "a": "Magat, Richard."
          },
          {
            "t": "Ford Foundation at work, philanthropic choices, methods, and styles."
          },
          {
            "d": "New York : Plenum Press, \u00a91979"
          },
          {
            "w": "(OCoLC)655180245"
          }
        ]
      }
    },
    {
      "856": {
        "ind1": "4",
        "ind2": "2",
        "subfields": [
          {
            "3": "French equivalent / E\u0301quivalent franc\u0327ais"
          },
          {
            "u": "https://bac-lac.on.worldcat.org/oclc/491435564"
          }
        ]
      }
    },
    {
      "856": {
        "ind1": "4",
        "ind2": "\\",
        "subfields": [
          {
            "3": "Cover"
          },
          {
            "u": "http://swbplus.bsz-bw.de/bsz040374815cov.htm"
          },
          {
            "v": "20150505092957"
          }
        ]
      }
    },
    {
      "994": {
        "ind1": "\\",
        "ind2": "\\",
        "subfields": [
          {
            "a": "Z0"
          },
          {
            "b": "NYRVC"
          }
        ]
      }
    },
    {
      "948": {
        "ind1": "\\",
        "ind2": "\\",
        "subfields": [
          {
            "h": "NO HOLDINGS IN NYRVC - 341 OTHER HOLDINGS"
          }
        ]
      }
    },
    {
      "999": {
        "ind1": "\\",
        "ind2": "\\",
        "subfields": [
          {
            "a": "00000000019148"
          }
        ]
      }
    },
    {
      "999": {
        "ind1": "\\",
        "ind2": "\\",
        "subfields": [
          {
            "a": "30473000387384"
          }
        ]
      }
    }
  ]
}